<?xml version="1.0" encoding="UTF-8"?><record xmlns="http://www.loc.gov/MARC21/slim" xmlns:cinclude="http://apache.org/cocoon/include/1.0" xmlns:zs="http://www.loc.gov/zing/srw/">
  <leader>00523nz  a2200145n  4500</leader>
  <controlfield tag="001">no2003040222</controlfield>
  <controlfield tag="003">DLC</controlfield>
  <controlfield tag="005">20030423052742.0</controlfield>
  <controlfield tag="008">030422n| acannaabn          |n aaa     c</controlfield>
  <datafield tag="010" ind1=" " ind2=" ">
    <subfield code="a">no2003040222</subfield>
  </datafield>
  <datafield tag="035" ind1=" " ind2=" ">
    <subfield code="a">(OCoLC)oca06030837</subfield>
  </datafield>
  <datafield tag="040" ind1=" " ind2=" ">
    <subfield code="a">MnManS</subfield>
    <subfield code="b">eng</subfield>
    <subfield code="c">MnManS</subfield>
  </datafield>
  <datafield tag="100" ind1="1" ind2=" ">
    <subfield code="a">Stugelmeyer, Sandra Lee,</subfield>
    <subfield code="d">1949-</subfield>
  </datafield>
  <datafield tag="670" ind1=" " ind2=" ">
    <subfield code="a">A church musician's resource guide for the study of worship music styles and conflicts, 2002:</subfield>
    <subfield code="b">t.p. (Sandra Lee Stugelmeyer)</subfield>
  </datafield>
  <datafield tag="670" ind1=" " ind2=" ">
    <subfield code="a">MnManS registration files</subfield>
    <subfield code="b">(Sandra L. Stugelmeyer, b. Nov. 28, 1949)</subfield>
  </datafield>
</record>